@article{chenapp:2013,
    author      = {Chen, Zhi-Zhong and Deng, Fei and Wang, Lusheng}, 
    title       = {Exact algorithms for haplotype assembly from whole-genome sequence data},
    volume      = {29}, 
    number      = {16}, 
    pages       = {1938-1945}, 
    year        = {2013}, 
    doi         = {10.1093/bioinformatics/btt349}
}


