@article{Exact13,
author = {Chen, Zhi-Zhong and Deng, Fei and Wang, Lusheng}, 
title = {Exact algorithms for haplotype assembly from whole-genome sequence data},
volume = {29}, 
number = {16}, 
pages = {1938-1945}, 
year = {2013}, 
doi = {10.1093/bioinformatics/btt349}, 
URL = {http://bioinformatics.oxfordjournals.org/content/25/1/68.abstract}, 
eprint = {http://bioinformatics.oxfordjournals.org/content/25/1/68.full.pdf+html}, 
journal = {Bioinformatics} 
}

@article{Frugal08,
author = {Climer, Sharlee and Jäger, Gerold and Templeton, Alan R. and Zhang, Weixiong}, 
title = {How frugal is mother nature with haplotypes?},
volume = {25}, 
number = {1}, 
pages = {68-74}, 
year = {2009}, 
doi = {10.1093/bioinformatics/btn572}, 
URL = {http://bioinformatics.oxfordjournals.org/content/25/1/68.abstract}, 
eprint = {http://bioinformatics.oxfordjournals.org/content/25/1/68.full.pdf+html}, 
journal = {Bioinformatics} 
}

@article{Optimal10,
author = {He, Dan and Choi, Arthur and Pipatsrisawat, Knot and Darwiche, Adnan and Eskin, Eleazar}, 
title = {Optimal algorithms for haplotype assembly from whole-genome sequence data},
volume = {26}, 
number = {12}, 
pages = {i183-i190}, 
year = {2010}, 
doi = {10.1093/bioinformatics/btq215}, 
URL = {http://bioinformatics.oxfordjournals.org/content/26/12/i183.abstract}, 
eprint = {http://bioinformatics.oxfordjournals.org/content/26/12/i183.full.pdf+html}, 
journal = {Bioinformatics} 
}